<record><leader>00000cas a22000007a 4500</leader><controlfield tag="001">14228440</controlfield><controlfield tag="008">860917d18661877paudn ne      0    0eng d</controlfield><datafield ind1=" " ind2=" " tag="010"><subfield code="a">sn 87079913 </subfield></datafield><datafield ind1=" " ind2=" " tag="040"><subfield code="a">NPH</subfield><subfield code="b">eng</subfield><subfield code="c">NPH</subfield><subfield code="d">OCLCQ</subfield></datafield><datafield ind1=" " ind2=" " tag="042"><subfield code="a">msc</subfield></datafield><datafield ind1="0" ind2="4" tag="245"><subfield code="a">The Philadelphia evening herald.</subfield></datafield><datafield ind1="1" ind2="7" tag="246"><subfield code="a">Philadelphia daily herald</subfield></datafield><datafield ind1=" " ind2=" " tag="260"><subfield code="a">Philadelphia, Pa. :</subfield><subfield code="b">Evening Herald</subfield></datafield><datafield ind1=" " ind2=" " tag="300"><subfield code="a">v. ;</subfield><subfield code="c">58 cm.</subfield></datafield><datafield ind1=" " ind2=" " tag="310"><subfield code="a">Daily (except Sun.)</subfield></datafield><datafield ind1="1" ind2=" " tag="362"><subfield code="a">Began Aug. 27, 1866; ceased Nov. 1877?</subfield><subfield code="z">Cf. Rossell, G. Pa. newspapers.</subfield></datafield><datafield ind1=" " ind2=" " tag="588"><subfield code="a">Description based on: Vol. 21, no. 155 (July 24, 1877).</subfield></datafield><datafield ind1=" " ind2=" " tag="752"><subfield code="a">United States</subfield><subfield code="b">Pennsylvania</subfield><subfield code="c">Philadelphia</subfield><subfield code="d">Philadelphia.</subfield></datafield><datafield ind1="0" ind2="7" tag="785"><subfield code="t">Philadelphia evening chronicle</subfield><subfield code="w">(DLC)sn 83032329</subfield></datafield><datafield ind1="0" ind2="7" tag="785"><subfield code="t">Philadelphia chronicle-herald</subfield><subfield code="w">(DLC)sn 87080151</subfield><subfield code="w">(OCoLC)15157751</subfield></datafield></record>